@Manual{dask,
  author = {Arabie, P. and Carroll, J. D.},
  title = {Dask: Library for dynamic task scheduling},
  year = {2016},
  url = {http://dask.pydata.org},
}

@article{Freire2016ExploringWN,
  title={Exploring What not to Clean in Urban Data: A Study Using New York City Taxi Trips},
  author={Juliana Freire and Aline Bessa and Fernando Seabra Chirigati and Huy T. Vo and Kai Zhao},
  journal={IEEE Data Eng. Bull.},
  year={2016},
  volume={39},
  pages={63-77}
}

@article{Doraiswamy2014UsingTA,
  title={Using Topological Analysis to Support Event-Guided Exploration in Urban Data},
  author={Harish Doraiswamy and Nivan Ferreira and Theodoros Damoulas and Juliana Freire and Cl{\'a}udio T. Silva},
  journal={IEEE Transactions on Visualization and Computer Graphics},
  year={2014},
  volume={20},
  pages={2634-2643}
}

@inproceedings{Wu2016InterpretingTD,
  title={Interpreting traffic dynamics using ubiquitous urban data},
  author={Fei Wu and Hongjian Wang and Zhenhui Li},
  booktitle={SIGSPATIAL/GIS},
  year={2016}
}

@article{Doraiswamy2016AGI,
  title={A GPU-based index to support interactive spatio-temporal queries over historical data},
  author={Harish Doraiswamy and Huy T. Vo and Cl{\'a}udio T. Silva and Juliana Freire},
  journal={2016 IEEE 32nd International Conference on Data Engineering (ICDE)},
  year={2016},
  pages={1086-1097}
}

@article{Ferreira2013VisualEO,
  title={Visual Exploration of Big Spatio-Temporal Urban Data: A Study of New York City Taxi Trips},
  author={Nivan Ferreira and Jorge Poco and Huy T. Vo and Juliana Freire and Cl{\'a}udio T. Silva},
  journal={IEEE Transactions on Visualization and Computer Graphics},
  year={2013},
  volume={19},
  pages={2149-2158}
}

@article{Chu2014VisualizingHT,
  title={Visualizing Hidden Themes of Taxi Movement with Semantic Transformation},
  author={Ding Chu and David A. Sheets and Ye Zhao and Yingyu Wu and Jing Yang and Maogong Zheng and George Z Chen},
  journal={2014 IEEE Pacific Visualization Symposium},
  year={2014},
  pages={137-144}
}

@article{Huang2016TrajGraphAG,
  title={TrajGraph: A Graph-Based Visual Analytics Approach to Studying Urban Network Centralities Using Taxi Trajectory Data},
  author={Xiaoke Huang and Ye Zhao and Chao Ma and Jing Yang and Xinyue Ye and Chong Zhang},
  journal={IEEE Transactions on Visualization and Computer Graphics},
  year={2016},
  volume={22},
  pages={160-169}
}

@article{Stoyanovich2017ZoomingIO,
  title={Zooming in on NYC taxi data with Portal},
  author={Julia Stoyanovich and Matthew Gilbride and Vera Zaychik Moffitt},
  journal={CoRR},
  year={2017},
  volume={abs/1709.06176}
}


@article{bessel_calculation_2010,
	title = {The calculation of longitude and latitude from geodesic measurements},
	volume = {331},
	issn = {00046337},
	url = {http://arxiv.org/abs/0908.1824},
	doi = {10.1002/asna.201011352},
	abstract = {The solution of the geodesic problem for an oblate ellipsoid is developed in terms of series. Tables are provided to simplify the computation. [This is an English translation of F. W. Bessel, Astronomische Nachrichten 4(86), 241-254 (1825). The mathematical notation has been updated to conform to current conventions and, in a few places, the equations have been rearranged for clarity. Several errors have been corrected, a figure has been included, and the tables have been recomputed.]},
	number = {8},
	urldate = {2018-03-09},
	journal = {Astronomische Nachrichten},
	author = {Bessel, F. W. and Karney, Charles F. F. and Deakin, Rodney E.},
	month = sep,
	year = {2010},
	note = {arXiv: 0908.1824},
	keywords = {Physics - Computational Physics, Physics - Geophysics, Physics - History and Philosophy of Physics},
	pages = {852--861}
}